%% This BibTeX bibliography file was created using BibDesk.
%% http://bibdesk.sourceforge.net/

%% Created for Catherine Chamberlain at 2018-01-15 17:50:07 -0500 


%% Saved with string encoding Unicode (UTF-8) 



@article{Menzel2015,
	Abstract = {Damage by late spring frost is a risk deciduous trees have to cope with in order to optimize the length of their growing season. The timing of spring phenological development plays a crucial role, not only at the species level, but also at the population and individual level, since fresh new leaves are especially vulnerable. For the pronounced late spring frost in May 2011 in Germany, we studied the individual leaf development of 35 deciduous trees (mainly European beech Fagus sylvatica L.) at a mountainous forest site in the Bayerischer Wald National Park using repeated digital photographs. Analyses of the time series of greenness by a novel Bayesian multiple change point approach mostly revealed five change points which almost perfectly matched the expected break points in leaf development: (i) start of the first greening between day of the year (DOY) 108--119 (mean 113), (ii) end of greening, and (iii) visible frost damage after the frost on the night of May 3rd/4th (DOY 123/124), (iv) re-sprouting 19--38 days after the frost, and (v) full maturity around DOY 178 (166--184) when all beech crowns had fully recovered. Since frost damage was nearly 100{\%}, individual susceptibility did not depend on the timing of first spring leaf unfolding. However, we could identify significant patterns in fitness linked to an earlier start of leaf unfolding. Those individuals that had an earlier start of greening during the first flushing period had a shorter period of recovery and started the second greening earlier. Thus, phenological timing triggered the speed of recovery from such an extreme event. The maximum greenness achieved, however, did not vary with leaf unfolding dates. Two mountain ashes (Sorbus aucuparia L.) were not affected by the low temperatures of -5$\,^{\circ}$C. Time series analysis of webcam pictures can thus improve process-based knowledge and provide valuable insights into the link between phenological variation, late spring frost damage, and recovery within one stand.},
	An = {PMC4338663},
	Author = {Menzel, Annette and Helm, Raimund and Zang, Christian},
	Date-Added = {2018-01-15 22:50:01 +0000},
	Date-Modified = {2018-01-15 22:50:07 +0000},
	Db = {PMC},
	Doi = {10.3389/fpls.2015.00110},
	Isbn = {1664-462X},
	J1 = {Front Plant Sci},
	Journal = {Frontiers in Plant Science},
	Pages = {110},
	Publisher = {Frontiers Media S.A.},
	Title = {Patterns of late spring frost leaf damage and recovery in a European beech (Fagus sylvatica L.) stand in south-eastern Germany based on repeated digital photographs},
	Ty = {JOUR},
	U1 = {25759707{$[$}pmid{$]$}},
	Url = {http://www.ncbi.nlm.nih.gov/pmc/articles/PMC4338663/},
	Volume = {6},
	Year = {2015},
	Year1 = {2015/02/24},
	Year2 = {2014/08/26/received},
	Year3 = {2015/02/10/accepted},
	Bdsk-Url-1 = {http://www.ncbi.nlm.nih.gov/pmc/articles/PMC4338663/},
	Bdsk-Url-2 = {http://dx.doi.org/10.3389/fpls.2015.00110}}

@article{Dittmar2005,
	Author = {Dittmar, Christoph and Fricke, Wolfgang and Elling, Wolfram},
	Date-Added = {2018-01-15 22:47:54 +0000},
	Date-Modified = {2018-01-15 22:48:00 +0000},
	Doi = {10.1007/s10342-005-0098-y},
	Issn = {1612-4677},
	Journal = {European Journal of Forest Research},
	Month = {Dec},
	Number = {3},
	Pages = {249--259},
	Publisher = {Springer Nature},
	Title = {Impact of late frost events on radial growth of common beech (Fagus sylvatica L.) in Southern Germany},
	Url = {http://dx.doi.org/10.1007/s10342-005-0098-y},
	Volume = {125},
	Year = {2005},
	Bdsk-File-1 = {YnBsaXN0MDDUAQIDBAUGJCVYJHZlcnNpb25YJG9iamVjdHNZJGFyY2hpdmVyVCR0b3ASAAGGoKgHCBMUFRYaIVUkbnVsbNMJCgsMDxJXTlMua2V5c1pOUy5vYmplY3RzViRjbGFzc6INDoACgAOiEBGABIAFgAdccmVsYXRpdmVQYXRoWWFsaWFzRGF0YV8QJERpdHRtYXIgMjAwNiBsYXRlIGZyb3N0IG9uIGJlZWNoLnBkZtIXCxgZV05TLmRhdGFPEQH0AAAAAAH0AAIAAAxNYWNpbnRvc2ggSEQAAAAAAAAAAAAAAAAAAAAAAAAAQkQAAf////8fRGl0dG1hciAyMDA2IGxhdGUgI0ZGRkZGRkZGLnBkZgAAAAAAAAAAAAAAAAAAAAAAAAAAAAAAAAAAAAAAAAAA/////wAAAABQREYgQ0FSTwABAAIAAAogY3UAAAAAAAAAAAAAAAAAA2JpYgAAAgBpLzpVc2VyczpDYXRoZXJpbmVDaGFtYmVybGFpbjpEb2N1bWVudHM6Z2l0OnJlZ2lvbmFscmlzazphbmFseXNlczpiaWI6RGl0dG1hciAyMDA2IGxhdGUgZnJvc3Qgb24gYmVlY2gucGRmAAAOAEoAJABEAGkAdAB0AG0AYQByACAAMgAwADAANgAgAGwAYQB0AGUAIABmAHIAbwBzAHQAIABvAG4AIABiAGUAZQBjAGgALgBwAGQAZgAPABoADABNAGEAYwBpAG4AdABvAHMAaAAgAEgARAASAGdVc2Vycy9DYXRoZXJpbmVDaGFtYmVybGFpbi9Eb2N1bWVudHMvZ2l0L3JlZ2lvbmFscmlzay9hbmFseXNlcy9iaWIvRGl0dG1hciAyMDA2IGxhdGUgZnJvc3Qgb24gYmVlY2gucGRmAAATAAEvAAAVAAIAG///AACABtIbHB0eWiRjbGFzc25hbWVYJGNsYXNzZXNdTlNNdXRhYmxlRGF0YaMdHyBWTlNEYXRhWE5TT2JqZWN00hscIiNcTlNEaWN0aW9uYXJ5oiIgXxAPTlNLZXllZEFyY2hpdmVy0SYnVHJvb3SAAQAIABEAGgAjAC0AMgA3AEAARgBNAFUAYABnAGoAbABuAHEAcwB1AHcAhACOALUAugDCAroCvALBAswC1QLjAucC7gL3AvwDCQMMAx4DIQMmAAAAAAAAAgEAAAAAAAAAKAAAAAAAAAAAAAAAAAAAAyg=}}

@article{Labe2016,
	Author = {Labe, Zachary and Ault, Toby and Zurita-Milla, Raul},
	Date-Added = {2018-01-15 18:40:53 +0000},
	Date-Modified = {2018-01-15 18:40:58 +0000},
	Doi = {10.1007/s00382-016-3313-2},
	Issn = {1432-0894},
	Journal = {Climate Dynamics},
	Month = {Aug},
	Number = {11-12},
	Pages = {3949--3966},
	Publisher = {Springer Nature},
	Title = {Identifying anomalously early spring onsets in the CESM large ensemble project},
	Url = {http://dx.doi.org/10.1007/s00382-016-3313-2},
	Volume = {48},
	Year = {2016},
	Bdsk-File-1 = {YnBsaXN0MDDUAQIDBAUGJCVYJHZlcnNpb25YJG9iamVjdHNZJGFyY2hpdmVyVCR0b3ASAAGGoKgHCBMUFRYaIVUkbnVsbNMJCgsMDxJXTlMua2V5c1pOUy5vYmplY3RzViRjbGFzc6INDoACgAOiEBGABIAFgAdccmVsYXRpdmVQYXRoWWFsaWFzRGF0YV8QIkxhYmUsIEF1bHQsIFp1cml0YS1NaWxsYSwgMjAxNi5wZGbSFwsYGVdOUy5kYXRhTxEB7AAAAAAB7AACAAAMTWFjaW50b3NoIEhEAAAAAAAAAAAAAAAAAAAAAAAAAEJEAAH/////H0xhYmUsIEF1bHQsIFp1cml0YSNGRkZGRkZGRi5wZGYAAAAAAAAAAAAAAAAAAAAAAAAAAAAAAAAAAAAAAAAAAP////8AAAAAAAAAAAAAAAAAAQACAAAKIGN1AAAAAAAAAAAAAAAAAANiaWIAAAIAZy86VXNlcnM6Q2F0aGVyaW5lQ2hhbWJlcmxhaW46RG9jdW1lbnRzOmdpdDpyZWdpb25hbHJpc2s6YW5hbHlzZXM6YmliOkxhYmUsIEF1bHQsIFp1cml0YS1NaWxsYSwgMjAxNi5wZGYAAA4ARgAiAEwAYQBiAGUALAAgAEEAdQBsAHQALAAgAFoAdQByAGkAdABhAC0ATQBpAGwAbABhACwAIAAyADAAMQA2AC4AcABkAGYADwAaAAwATQBhAGMAaQBuAHQAbwBzAGgAIABIAEQAEgBlVXNlcnMvQ2F0aGVyaW5lQ2hhbWJlcmxhaW4vRG9jdW1lbnRzL2dpdC9yZWdpb25hbHJpc2svYW5hbHlzZXMvYmliL0xhYmUsIEF1bHQsIFp1cml0YS1NaWxsYSwgMjAxNi5wZGYAABMAAS8AABUAAgAb//8AAIAG0hscHR5aJGNsYXNzbmFtZVgkY2xhc3Nlc11OU011dGFibGVEYXRhox0fIFZOU0RhdGFYTlNPYmplY3TSGxwiI1xOU0RpY3Rpb25hcnmiIiBfEA9OU0tleWVkQXJjaGl2ZXLRJidUcm9vdIABAAgAEQAaACMALQAyADcAQABGAE0AVQBgAGcAagBsAG4AcQBzAHUAdwCEAI4AswC4AMACsAKyArcCwgLLAtkC3QLkAu0C8gL/AwIDFAMXAxwAAAAAAAACAQAAAAAAAAAoAAAAAAAAAAAAAAAAAAADHg==}}

@article{Martin2010,
	Author = {Martin, Melissa and Gavazov, Konstantin, and K{\"{o}}rner, Christian, and Hattenschwiler, Stephan and Rixen, Christian},
	Date-Added = {2018-01-15 18:40:21 +0000},
	Date-Modified = {2018-01-15 18:40:21 +0000},
	Doi = {10.1111/j.1365-2486.2009.01987.x},
	Issn = {1365-2486},
	Journal = {Global Change Biology},
	Month = {Mar},
	Number = {3},
	Pages = {1057--1070},
	Publisher = {Wiley-Blackwell},
	Title = {{Reduced early growing season freezing resistance in alpine treeline plants under elevated atmospheric {$CO_2$}}},
	Url = {http://dx.doi.org/10.1111/j.1365-2486.2009.01987.x},
	Volume = {16},
	Year = {2010},
	Bdsk-File-1 = {YnBsaXN0MDDUAQIDBAUGJCVYJHZlcnNpb25YJG9iamVjdHNZJGFyY2hpdmVyVCR0b3ASAAGGoKgHCBMUFRYaIVUkbnVsbNMJCgsMDxJXTlMua2V5c1pOUy5vYmplY3RzViRjbGFzc6INDoACgAOiEBGABIAFgAdccmVsYXRpdmVQYXRoWWFsaWFzRGF0YV8QK01BUlRJTl9ldF9hbC0yMDEwLUdsb2JhbF9DaGFuZ2VfQmlvbG9neS5wZGbSFwsYGVdOUy5kYXRhTxECDgAAAAACDgACAAAMTWFjaW50b3NoIEhEAAAAAAAAAAAAAAAAAAAAAAAAAEJEAAH/////H01BUlRJTl9ldF9hbC0yMDEwLSNGRkZGRkZGRi5wZGYAAAAAAAAAAAAAAAAAAAAAAAAAAAAAAAAAAAAAAAAAAP////8AAAAAAAAAAAAAAAAAAQACAAAKIGN1AAAAAAAAAAAAAAAAAANiaWIAAAIAcC86VXNlcnM6Q2F0aGVyaW5lQ2hhbWJlcmxhaW46RG9jdW1lbnRzOmdpdDpyZWdpb25hbHJpc2s6YW5hbHlzZXM6YmliOk1BUlRJTl9ldF9hbC0yMDEwLUdsb2JhbF9DaGFuZ2VfQmlvbG9neS5wZGYADgBYACsATQBBAFIAVABJAE4AXwBlAHQAXwBhAGwALQAyADAAMQAwAC0ARwBsAG8AYgBhAGwAXwBDAGgAYQBuAGcAZQBfAEIAaQBvAGwAbwBnAHkALgBwAGQAZgAPABoADABNAGEAYwBpAG4AdABvAHMAaAAgAEgARAASAG5Vc2Vycy9DYXRoZXJpbmVDaGFtYmVybGFpbi9Eb2N1bWVudHMvZ2l0L3JlZ2lvbmFscmlzay9hbmFseXNlcy9iaWIvTUFSVElOX2V0X2FsLTIwMTAtR2xvYmFsX0NoYW5nZV9CaW9sb2d5LnBkZgATAAEvAAAVAAIAG///AACABtIbHB0eWiRjbGFzc25hbWVYJGNsYXNzZXNdTlNNdXRhYmxlRGF0YaMdHyBWTlNEYXRhWE5TT2JqZWN00hscIiNcTlNEaWN0aW9uYXJ5oiIgXxAPTlNLZXllZEFyY2hpdmVy0SYnVHJvb3SAAQAIABEAGgAjAC0AMgA3AEAARgBNAFUAYABnAGoAbABuAHEAcwB1AHcAhACOALwAwQDJAtsC3QLiAu0C9gMEAwgDDwMYAx0DKgMtAz8DQgNHAAAAAAAAAgEAAAAAAAAAKAAAAAAAAAAAAAAAAAAAA0k=}}

@article{Inouye2008,
	Author = {Inouye, D. W.},
	Date-Added = {2018-01-15 18:39:34 +0000},
	Date-Modified = {2018-01-15 18:39:34 +0000},
	Journal = {Ecology},
	Number = {2},
	Pages = {353-362},
	Title = {Effects of climate change on phenology, frost damage, and floral abundance of montane wildflowers},
	Volume = {89},
	Year = {2008},
	Bdsk-File-1 = {YnBsaXN0MDDUAQIDBAUGJCVYJHZlcnNpb25YJG9iamVjdHNZJGFyY2hpdmVyVCR0b3ASAAGGoKgHCBMUFRYaIVUkbnVsbNMJCgsMDxJXTlMua2V5c1pOUy5vYmplY3RzViRjbGFzc6INDoACgAOiEBGABIAFgAdccmVsYXRpdmVQYXRoWWFsaWFzRGF0YV8QF0lub3V5ZS0yMDA4LUVjb2xvZ3kucGRm0hcLGBlXTlMuZGF0YU8RAb4AAAAAAb4AAgAADE1hY2ludG9zaCBIRAAAAAAAAAAAAAAAAAAAAAAAAABCRAAB/////xdJbm91eWUtMjAwOC1FY29sb2d5LnBkZgAAAAAAAAAAAAAAAAAAAAAAAAAAAAAAAAAAAAAAAAAAAAAAAAAAAAD/////AAAAAAAAAAAAAAAAAAEAAgAACiBjdQAAAAAAAAAAAAAAAAADYmliAAACAFwvOlVzZXJzOkNhdGhlcmluZUNoYW1iZXJsYWluOkRvY3VtZW50czpnaXQ6cmVnaW9uYWxyaXNrOmFuYWx5c2VzOmJpYjpJbm91eWUtMjAwOC1FY29sb2d5LnBkZgAOADAAFwBJAG4AbwB1AHkAZQAtADIAMAAwADgALQBFAGMAbwBsAG8AZwB5AC4AcABkAGYADwAaAAwATQBhAGMAaQBuAHQAbwBzAGgAIABIAEQAEgBaVXNlcnMvQ2F0aGVyaW5lQ2hhbWJlcmxhaW4vRG9jdW1lbnRzL2dpdC9yZWdpb25hbHJpc2svYW5hbHlzZXMvYmliL0lub3V5ZS0yMDA4LUVjb2xvZ3kucGRmABMAAS8AABUAAgAb//8AAIAG0hscHR5aJGNsYXNzbmFtZVgkY2xhc3Nlc11OU011dGFibGVEYXRhox0fIFZOU0RhdGFYTlNPYmplY3TSGxwiI1xOU0RpY3Rpb25hcnmiIiBfEA9OU0tleWVkQXJjaGl2ZXLRJidUcm9vdIABAAgAEQAaACMALQAyADcAQABGAE0AVQBgAGcAagBsAG4AcQBzAHUAdwCEAI4AqACtALUCdwJ5An4CiQKSAqACpAKrArQCuQLGAskC2wLeAuMAAAAAAAACAQAAAAAAAAAoAAAAAAAAAAAAAAAAAAAC5Q==}}

@article{Vitra2017,
	Author = {Vitra, Amarante and Lenz, Armando and Vitasse, Yann},
	Date-Added = {2018-01-15 18:38:56 +0000},
	Date-Modified = {2018-01-15 18:38:56 +0000},
	Doi = {10.1111/nph.14698},
	Issn = {0028-646X},
	Journal = {New Phytologist},
	Month = {Jul},
	Number = {1},
	Pages = {113--123},
	Publisher = {Wiley-Blackwell},
	Title = {Frost hardening and dehardening potential in temperate trees from winter to budburst},
	Url = {http://dx.doi.org/10.1111/nph.14698},
	Volume = {216},
	Year = {2017},
	Bdsk-File-1 = {YnBsaXN0MDDUAQIDBAUGJCVYJHZlcnNpb25YJG9iamVjdHNZJGFyY2hpdmVyVCR0b3ASAAGGoKgHCBMUFRYaIVUkbnVsbNMJCgsMDxJXTlMua2V5c1pOUy5vYmplY3RzViRjbGFzc6INDoACgAOiEBGABIAFgAdccmVsYXRpdmVQYXRoWWFsaWFzRGF0YV8QPy4uLy4uLy4uLy4uLy4uL0Rvd25sb2Fkcy9WaXRyYV9ldF9hbC0yMDE3LU5ld19QaHl0b2xvZ2lzdC0yLnBkZtIXCxgZV05TLmRhdGFPEQHGAAAAAAHGAAIAAAxNYWNpbnRvc2ggSEQAAAAAAAAAAAAAAAAAAAAAAAAAQkQAAf////8fVml0cmFfZXRfYWwtMjAxNy1OI0ZGRkZGRkZGLnBkZgAAAAAAAAAAAAAAAAAAAAAAAAAAAAAAAAAAAAAAAAAA/////wAAAAAAAAAAAAAAAAAFAAIAAAogY3UAAAAAAAAAAAAAAAAACURvd25sb2FkcwAAAgBNLzpVc2VyczpDYXRoZXJpbmVDaGFtYmVybGFpbjpEb3dubG9hZHM6Vml0cmFfZXRfYWwtMjAxNy1OZXdfUGh5dG9sb2dpc3QtMi5wZGYAAA4ATgAmAFYAaQB0AHIAYQBfAGUAdABfAGEAbAAtADIAMAAxADcALQBOAGUAdwBfAFAAaAB5AHQAbwBsAG8AZwBpAHMAdAAtADIALgBwAGQAZgAPABoADABNAGEAYwBpAG4AdABvAHMAaAAgAEgARAASAEtVc2Vycy9DYXRoZXJpbmVDaGFtYmVybGFpbi9Eb3dubG9hZHMvVml0cmFfZXRfYWwtMjAxNy1OZXdfUGh5dG9sb2dpc3QtMi5wZGYAABMAAS8AABUAAgAb//8AAIAG0hscHR5aJGNsYXNzbmFtZVgkY2xhc3Nlc11OU011dGFibGVEYXRhox0fIFZOU0RhdGFYTlNPYmplY3TSGxwiI1xOU0RpY3Rpb25hcnmiIiBfEA9OU0tleWVkQXJjaGl2ZXLRJidUcm9vdIABAAgAEQAaACMALQAyADcAQABGAE0AVQBgAGcAagBsAG4AcQBzAHUAdwCEAI4A0ADVAN0CpwKpAq4CuQLCAtAC1ALbAuQC6QL2AvkDCwMOAxMAAAAAAAACAQAAAAAAAAAoAAAAAAAAAAAAAAAAAAADFQ==}}

@article{Vitasse2014,
	Author = {Vitasse, Yann and Lenz, Armando and K{\~A}¶rner, Christian},
	Date-Added = {2018-01-15 18:38:11 +0000},
	Date-Modified = {2018-01-15 18:38:16 +0000},
	Doi = {10.3389/fpls.2014.00541},
	Issn = {1664-462X},
	Journal = {Frontiers in Plant Science},
	Month = {Oct},
	Publisher = {Frontiers Media SA},
	Title = {The interaction between freezing tolerance and phenology in temperate deciduous trees},
	Url = {http://dx.doi.org/10.3389/fpls.2014.00541},
	Volume = {5},
	Year = {2014},
	Bdsk-File-1 = {YnBsaXN0MDDUAQIDBAUGJCVYJHZlcnNpb25YJG9iamVjdHNZJGFyY2hpdmVyVCR0b3ASAAGGoKgHCBMUFRYaIVUkbnVsbNMJCgsMDxJXTlMua2V5c1pOUy5vYmplY3RzViRjbGFzc6INDoACgAOiEBGABIAFgAdccmVsYXRpdmVQYXRoWWFsaWFzRGF0YV8QOy4uLy4uLy4uL3NwcmluZ2ZyZWV6ZS9yZWZzL1ZpdGFzc2UgTGVueiBhbmQgS29ybmVyIDIwMTQucGRm0hcLGBlXTlMuZGF0YU8RAdQAAAAAAdQAAgAADE1hY2ludG9zaCBIRAAAAAAAAAAAAAAAAAAAAAAAAABCRAAB/////x9WaXRhc3NlIExlbnogYW5kIEsjRkZGRkZGRkYucGRmAAAAAAAAAAAAAAAAAAAAAAAAAAAAAAAAAAAAAAAAAAD/////AAAAAAAAAAAAAAAAAAMAAwAACiBjdQAAAAAAAAAAAAAAAAAEcmVmcwACAF0vOlVzZXJzOkNhdGhlcmluZUNoYW1iZXJsYWluOkRvY3VtZW50czpnaXQ6c3ByaW5nZnJlZXplOnJlZnM6Vml0YXNzZSBMZW56IGFuZCBLb3JuZXIgMjAxNC5wZGYAAA4AQgAgAFYAaQB0AGEAcwBzAGUAIABMAGUAbgB6ACAAYQBuAGQAIABLAG8AcgBuAGUAcgAgADIAMAAxADQALgBwAGQAZgAPABoADABNAGEAYwBpAG4AdABvAHMAaAAgAEgARAASAFtVc2Vycy9DYXRoZXJpbmVDaGFtYmVybGFpbi9Eb2N1bWVudHMvZ2l0L3NwcmluZ2ZyZWV6ZS9yZWZzL1ZpdGFzc2UgTGVueiBhbmQgS29ybmVyIDIwMTQucGRmAAATAAEvAAAVAAIAG///AACABtIbHB0eWiRjbGFzc25hbWVYJGNsYXNzZXNdTlNNdXRhYmxlRGF0YaMdHyBWTlNEYXRhWE5TT2JqZWN00hscIiNcTlNEaWN0aW9uYXJ5oiIgXxAPTlNLZXllZEFyY2hpdmVy0SYnVHJvb3SAAQAIABEAGgAjAC0AMgA3AEAARgBNAFUAYABnAGoAbABuAHEAcwB1AHcAhACOAMwA0QDZArECswK4AsMCzALaAt4C5QLuAvMDAAMDAxUDGAMdAAAAAAAAAgEAAAAAAAAAKAAAAAAAAAAAAAAAAAAAAx8=}}

@article{Augspurger2009,
	Author = {Augspurger, Carol K.},
	Date-Added = {2018-01-15 18:36:48 +0000},
	Date-Modified = {2018-01-15 18:36:53 +0000},
	Doi = {10.1111/j.1365-2435.2009.01587.x},
	Issn = {0269-8463},
	Journal = {Functional Ecology},
	Month = {Jun},
	Number = {6},
	Pages = {1031--1039},
	Publisher = {Wiley-Blackwell},
	Title = {Spring 2007 warmth and frost: phenology, damage and refoliation in a temperate deciduous forest},
	Url = {http://dx.doi.org/10.1111/j.1365-2435.2009.01587.x},
	Volume = {23},
	Year = {2009},
	Bdsk-File-1 = {YnBsaXN0MDDUAQIDBAUGJCVYJHZlcnNpb25YJG9iamVjdHNZJGFyY2hpdmVyVCR0b3ASAAGGoKgHCBMUFRYaIVUkbnVsbNMJCgsMDxJXTlMua2V5c1pOUy5vYmplY3RzViRjbGFzc6INDoACgAOiEBGABIAFgAdccmVsYXRpdmVQYXRoWWFsaWFzRGF0YV8QJkF1Z3NwdXJnZXItMjAwOS1GdW5jdGlvbmFsX0Vjb2xvZ3kucGRm0hcLGBlXTlMuZGF0YU8RAfwAAAAAAfwAAgAADE1hY2ludG9zaCBIRAAAAAAAAAAAAAAAAAAAAAAAAABCRAAB/////x9BdWdzcHVyZ2VyLTIwMDktRnUjRkZGRkZGRkYucGRmAAAAAAAAAAAAAAAAAAAAAAAAAAAAAAAAAAAAAAAAAAD/////AAAAAAAAAAAAAAAAAAEAAgAACiBjdQAAAAAAAAAAAAAAAAADYmliAAACAGsvOlVzZXJzOkNhdGhlcmluZUNoYW1iZXJsYWluOkRvY3VtZW50czpnaXQ6cmVnaW9uYWxyaXNrOmFuYWx5c2VzOmJpYjpBdWdzcHVyZ2VyLTIwMDktRnVuY3Rpb25hbF9FY29sb2d5LnBkZgAADgBOACYAQQB1AGcAcwBwAHUAcgBnAGUAcgAtADIAMAAwADkALQBGAHUAbgBjAHQAaQBvAG4AYQBsAF8ARQBjAG8AbABvAGcAeQAuAHAAZABmAA8AGgAMAE0AYQBjAGkAbgB0AG8AcwBoACAASABEABIAaVVzZXJzL0NhdGhlcmluZUNoYW1iZXJsYWluL0RvY3VtZW50cy9naXQvcmVnaW9uYWxyaXNrL2FuYWx5c2VzL2JpYi9BdWdzcHVyZ2VyLTIwMDktRnVuY3Rpb25hbF9FY29sb2d5LnBkZgAAEwABLwAAFQACABv//wAAgAbSGxwdHlokY2xhc3NuYW1lWCRjbGFzc2VzXU5TTXV0YWJsZURhdGGjHR8gVk5TRGF0YVhOU09iamVjdNIbHCIjXE5TRGljdGlvbmFyeaIiIF8QD05TS2V5ZWRBcmNoaXZlctEmJ1Ryb290gAEACAARABoAIwAtADIANwBAAEYATQBVAGAAZwBqAGwAbgBxAHMAdQB3AIQAjgC3ALwAxALEAsYCywLWAt8C7QLxAvgDAQMGAxMDFgMoAysDMAAAAAAAAAIBAAAAAAAAACgAAAAAAAAAAAAAAAAAAAMy}}

@book{Sakai1987,
	Author = {Sakai, A. and Larcher, W.},
	Date-Added = {2018-01-15 18:36:09 +0000},
	Date-Modified = {2018-01-15 18:36:09 +0000},
	Publisher = {Springer-Verlag},
	Title = {Frost Survival of Plants},
	Year = {1987}}

@article{Myking2007,
	Author = {Myking, T. and Skroppa, T.},
	Date-Added = {2018-01-15 18:35:32 +0000},
	Date-Modified = {2018-01-15 18:35:32 +0000},
	Journal = {Scandinavian Journal of Forest Research},
	Pages = {369-374},
	Title = {{Variation in phenology and height increment of northern \textit{Ulmus glabra} populations: Implications for conservation}},
	Volume = {22},
	Year = {2007},
	Bdsk-File-1 = {YnBsaXN0MDDUAQIDBAUGJCVYJHZlcnNpb25YJG9iamVjdHNZJGFyY2hpdmVyVCR0b3ASAAGGoKgHCBMUFRYaIVUkbnVsbNMJCgsMDxJXTlMua2V5c1pOUy5vYmplY3RzViRjbGFzc6INDoACgAOiEBGABIAFgAdccmVsYXRpdmVQYXRoWWFsaWFzRGF0YV8QIU15a2luZyAyMDA3IGlubGFuZCB2cyBjb2FzdGFsLnBkZtIXCxgZV05TLmRhdGFPEQHmAAAAAAHmAAIAAAxNYWNpbnRvc2ggSEQAAAAAAAAAAAAAAAAAAAAAAAAAQkQAAf////8fTXlraW5nIDIwMDcgaW5sYW5kI0ZGRkZGRkZGLnBkZgAAAAAAAAAAAAAAAAAAAAAAAAAAAAAAAAAAAAAAAAAA/////wAAAAAAAAAAAAAAAAABAAIAAAogY3UAAAAAAAAAAAAAAAAAA2JpYgAAAgBmLzpVc2VyczpDYXRoZXJpbmVDaGFtYmVybGFpbjpEb2N1bWVudHM6Z2l0OnJlZ2lvbmFscmlzazphbmFseXNlczpiaWI6TXlraW5nIDIwMDcgaW5sYW5kIHZzIGNvYXN0YWwucGRmAA4ARAAhAE0AeQBrAGkAbgBnACAAMgAwADAANwAgAGkAbgBsAGEAbgBkACAAdgBzACAAYwBvAGEAcwB0AGEAbAAuAHAAZABmAA8AGgAMAE0AYQBjAGkAbgB0AG8AcwBoACAASABEABIAZFVzZXJzL0NhdGhlcmluZUNoYW1iZXJsYWluL0RvY3VtZW50cy9naXQvcmVnaW9uYWxyaXNrL2FuYWx5c2VzL2JpYi9NeWtpbmcgMjAwNyBpbmxhbmQgdnMgY29hc3RhbC5wZGYAEwABLwAAFQACABv//wAAgAbSGxwdHlokY2xhc3NuYW1lWCRjbGFzc2VzXU5TTXV0YWJsZURhdGGjHR8gVk5TRGF0YVhOU09iamVjdNIbHCIjXE5TRGljdGlvbmFyeaIiIF8QD05TS2V5ZWRBcmNoaXZlctEmJ1Ryb290gAEACAARABoAIwAtADIANwBAAEYATQBVAGAAZwBqAGwAbgBxAHMAdQB3AIQAjgCyALcAvwKpAqsCsAK7AsQC0gLWAt0C5gLrAvgC+wMNAxADFQAAAAAAAAIBAAAAAAAAACgAAAAAAAAAAAAAAAAAAAMX}}

@article{Gauzere2017,
	Author = {Gauzere, J. and Delzon, S. and Davi, H. and Bonhomme, M. and Garcia de Cortazar-Atauri, I. and Chuine, I.},
	Date-Added = {2018-01-15 18:34:40 +0000},
	Date-Modified = {2018-01-15 18:34:40 +0000},
	Journal = {Agricultural and Forest Meteorology},
	Pages = {9-20},
	Title = {{Integrating interactive effects of chilling and photoperiod in phenological process-based models. A case study with two European tree species: \textit{Fagus sylvatica} and \textit{Quercus petraea}}},
	Year = {2017},
	Bdsk-File-1 = {YnBsaXN0MDDUAQIDBAUGJCVYJHZlcnNpb25YJG9iamVjdHNZJGFyY2hpdmVyVCR0b3ASAAGGoKgHCBMUFRYaIVUkbnVsbNMJCgsMDxJXTlMua2V5c1pOUy5vYmplY3RzViRjbGFzc6INDoACgAOiEBGABIAFgAdccmVsYXRpdmVQYXRoWWFsaWFzRGF0YV8QHUdhdXplcmUgMjAxNyBwaG90b3BlcmlvZCAucGRm0hcLGBlXTlMuZGF0YU8RAdYAAAAAAdYAAgAADE1hY2ludG9zaCBIRAAAAAAAAAAAAAAAAAAAAAAAAABCRAAB/////x1HYXV6ZXJlIDIwMTcgcGhvdG9wZXJpb2QgLnBkZgAAAAAAAAAAAAAAAAAAAAAAAAAAAAAAAAAAAAAAAAAAAAD/////AAAAAAAAAAAAAAAAAAEAAgAACiBjdQAAAAAAAAAAAAAAAAADYmliAAACAGIvOlVzZXJzOkNhdGhlcmluZUNoYW1iZXJsYWluOkRvY3VtZW50czpnaXQ6cmVnaW9uYWxyaXNrOmFuYWx5c2VzOmJpYjpHYXV6ZXJlIDIwMTcgcGhvdG9wZXJpb2QgLnBkZgAOADwAHQBHAGEAdQB6AGUAcgBlACAAMgAwADEANwAgAHAAaABvAHQAbwBwAGUAcgBpAG8AZAAgAC4AcABkAGYADwAaAAwATQBhAGMAaQBuAHQAbwBzAGgAIABIAEQAEgBgVXNlcnMvQ2F0aGVyaW5lQ2hhbWJlcmxhaW4vRG9jdW1lbnRzL2dpdC9yZWdpb25hbHJpc2svYW5hbHlzZXMvYmliL0dhdXplcmUgMjAxNyBwaG90b3BlcmlvZCAucGRmABMAAS8AABUAAgAb//8AAIAG0hscHR5aJGNsYXNzbmFtZVgkY2xhc3Nlc11OU011dGFibGVEYXRhox0fIFZOU0RhdGFYTlNPYmplY3TSGxwiI1xOU0RpY3Rpb25hcnmiIiBfEA9OU0tleWVkQXJjaGl2ZXLRJidUcm9vdIABAAgAEQAaACMALQAyADcAQABGAE0AVQBgAGcAagBsAG4AcQBzAHUAdwCEAI4ArgCzALsClQKXApwCpwKwAr4CwgLJAtIC1wLkAucC+QL8AwEAAAAAAAACAQAAAAAAAAAoAAAAAAAAAAAAAAAAAAADAw==}}

@article{Zohner2016,
	Author = {Zohner, Constantin M. and Benito, Blas M. and Svenning, Jens-Christian and Renner, Susanne S.},
	Date-Added = {2018-01-15 18:34:03 +0000},
	Date-Modified = {2018-01-15 18:34:08 +0000},
	Doi = {10.1038/nclimate3138},
	Issn = {1758-6798},
	Journal = {Nature Climate Change},
	Month = {Oct},
	Number = {12},
	Pages = {1120--1123},
	Publisher = {Springer Nature},
	Title = {Day length unlikely to constrain climate-driven shifts in leaf-out times of northern woody plants},
	Url = {http://dx.doi.org/10.1038/NCLIMATE3138},
	Volume = {6},
	Year = {2016},
	Bdsk-File-1 = {YnBsaXN0MDDUAQIDBAUGJCVYJHZlcnNpb25YJG9iamVjdHNZJGFyY2hpdmVyVCR0b3ASAAGGoKgHCBMUFRYaIVUkbnVsbNMJCgsMDxJXTlMua2V5c1pOUy5vYmplY3RzViRjbGFzc6INDoACgAOiEBGABIAFgAdccmVsYXRpdmVQYXRoWWFsaWFzRGF0YV8QG1pvaG5lciAyMDE2IHBob3RvcGVyaW9kLnBkZtIXCxgZV05TLmRhdGFPEQHOAAAAAAHOAAIAAAxNYWNpbnRvc2ggSEQAAAAAAAAAAAAAAAAAAAAAAAAAQkQAAf////8bWm9obmVyIDIwMTYgcGhvdG9wZXJpb2QucGRmAAAAAAAAAAAAAAAAAAAAAAAAAAAAAAAAAAAAAAAAAAAAAAAA/////wAAAAAAAAAAAAAAAAABAAIAAAogY3UAAAAAAAAAAAAAAAAAA2JpYgAAAgBgLzpVc2VyczpDYXRoZXJpbmVDaGFtYmVybGFpbjpEb2N1bWVudHM6Z2l0OnJlZ2lvbmFscmlzazphbmFseXNlczpiaWI6Wm9obmVyIDIwMTYgcGhvdG9wZXJpb2QucGRmAA4AOAAbAFoAbwBoAG4AZQByACAAMgAwADEANgAgAHAAaABvAHQAbwBwAGUAcgBpAG8AZAAuAHAAZABmAA8AGgAMAE0AYQBjAGkAbgB0AG8AcwBoACAASABEABIAXlVzZXJzL0NhdGhlcmluZUNoYW1iZXJsYWluL0RvY3VtZW50cy9naXQvcmVnaW9uYWxyaXNrL2FuYWx5c2VzL2JpYi9ab2huZXIgMjAxNiBwaG90b3BlcmlvZC5wZGYAEwABLwAAFQACABv//wAAgAbSGxwdHlokY2xhc3NuYW1lWCRjbGFzc2VzXU5TTXV0YWJsZURhdGGjHR8gVk5TRGF0YVhOU09iamVjdNIbHCIjXE5TRGljdGlvbmFyeaIiIF8QD05TS2V5ZWRBcmNoaXZlctEmJ1Ryb290gAEACAARABoAIwAtADIANwBAAEYATQBVAGAAZwBqAGwAbgBxAHMAdQB3AIQAjgCsALEAuQKLAo0CkgKdAqYCtAK4Ar8CyALNAtoC3QLvAvIC9wAAAAAAAAIBAAAAAAAAACgAAAAAAAAAAAAAAAAAAAL5}}

@article{Viheraaarnio2006,
	Author = {Vihera-aarnio, Anneli and Hakkinen, Risto and Junttila, Olavi},
	Date-Added = {2018-01-15 18:33:27 +0000},
	Date-Modified = {2018-01-15 18:33:27 +0000},
	Journal = {Tree Physiology},
	Pages = {1013-1018},
	Title = {{Critical night length for bud set and its variation in two photoperiodic ecotypes of \textit{Betula pendula}}},
	Volume = {26},
	Year = {2006},
	Bdsk-File-1 = {YnBsaXN0MDDUAQIDBAUGJCVYJHZlcnNpb25YJG9iamVjdHNZJGFyY2hpdmVyVCR0b3ASAAGGoKgHCBMUFRYaIVUkbnVsbNMJCgsMDxJXTlMua2V5c1pOUy5vYmplY3RzViRjbGFzc6INDoACgAOiEBGABIAFgAdccmVsYXRpdmVQYXRoWWFsaWFzRGF0YW8QHwBWAGkAaABlAHIA5AAtAEEAYQByAG4AaQBvAF8AMgAwADAANgBfAFQAcgBlAGUAUABoAHkAcwAuAHAAZABm0hcLGBlXTlMuZGF0YU8RAeIAAAAAAeIAAgAADE1hY2ludG9zaCBIRAAAAAAAAAAAAAAAAAAAAAAAAABCRAAB/////x9WaWhlcootQWFybmlvXzIwMDZfVHJlZVBoeXMucGRmAAAAAAAAAAAAAAAAAAAAAAAAAAAAAAAAAAAAAAAAAAD/////AAAAAAAAAAAAAAAAAAEAAgAACiBjdQAAAAAAAAAAAAAAAAADYmliAAACAGUvOlVzZXJzOkNhdGhlcmluZUNoYW1iZXJsYWluOkRvY3VtZW50czpnaXQ6cmVnaW9uYWxyaXNrOmFuYWx5c2VzOmJpYjpWaWhlcsOkLUFhcm5pb18yMDA2X1RyZWVQaHlzLnBkZgAADgBAAB8AVgBpAGgAZQByAOQALQBBAGEAcgBuAGkAbwBfADIAMAAwADYAXwBUAHIAZQBlAFAAaAB5AHMALgBwAGQAZgAPABoADABNAGEAYwBpAG4AdABvAHMAaAAgAEgARAASAGNVc2Vycy9DYXRoZXJpbmVDaGFtYmVybGFpbi9Eb2N1bWVudHMvZ2l0L3JlZ2lvbmFscmlzay9hbmFseXNlcy9iaWIvVmloZXLDpC1BYXJuaW9fMjAwNl9UcmVlUGh5cy5wZGYAABMAAS8AABUAAgAb//8AAIAG0hscHR5aJGNsYXNzbmFtZVgkY2xhc3Nlc11OU011dGFibGVEYXRhox0fIFZOU0RhdGFYTlNPYmplY3TSGxwiI1xOU0RpY3Rpb25hcnmiIiBfEA9OU0tleWVkQXJjaGl2ZXLRJidUcm9vdIABAAgAEQAaACMALQAyADcAQABGAE0AVQBgAGcAagBsAG4AcQBzAHUAdwCEAI4AzwDUANwCwgLEAskC1ALdAusC7wL2Av8DBAMRAxQDJgMpAy4AAAAAAAACAQAAAAAAAAAoAAAAAAAAAAAAAAAAAAADMA==}}

@article{Partanen2004,
	Author = {Partanen, Jouni},
	Date-Added = {2018-01-15 18:32:34 +0000},
	Date-Modified = {2018-01-15 18:32:41 +0000},
	Doi = {10.1016/j.foreco.2003.07.017},
	Issn = {0378-1127},
	Journal = {Forest Ecology and Management},
	Month = {Feb},
	Number = {1-3},
	Pages = {137--148},
	Publisher = {Elsevier BV},
	Title = {Dependence of photoperiodic response of growth cessation on the stage of development in Picea abies and Betula pendula seedlings},
	Url = {http://dx.doi.org/10.1016/j.foreco.2003.07.017},
	Volume = {188},
	Year = {2004},
	Bdsk-File-1 = {YnBsaXN0MDDUAQIDBAUGJCVYJHZlcnNpb25YJG9iamVjdHNZJGFyY2hpdmVyVCR0b3ASAAGGoKgHCBMUFRYaIVUkbnVsbNMJCgsMDxJXTlMua2V5c1pOUy5vYmplY3RzViRjbGFzc6INDoACgAOiEBGABIAFgAdccmVsYXRpdmVQYXRoWWFsaWFzRGF0YV8QHVBhcnRhbmVuIDIwMDQgcGhvdG9wZXJpb2QucGRm0hcLGBlXTlMuZGF0YU8RAdYAAAAAAdYAAgAADE1hY2ludG9zaCBIRAAAAAAAAAAAAAAAAAAAAAAAAABCRAAB/////x1QYXJ0YW5lbiAyMDA0IHBob3RvcGVyaW9kLnBkZgAAAAAAAAAAAAAAAAAAAAAAAAAAAAAAAAAAAAAAAAAAAAD/////AAAAAAAAAAAAAAAAAAEAAgAACiBjdQAAAAAAAAAAAAAAAAADYmliAAACAGIvOlVzZXJzOkNhdGhlcmluZUNoYW1iZXJsYWluOkRvY3VtZW50czpnaXQ6cmVnaW9uYWxyaXNrOmFuYWx5c2VzOmJpYjpQYXJ0YW5lbiAyMDA0IHBob3RvcGVyaW9kLnBkZgAOADwAHQBQAGEAcgB0AGEAbgBlAG4AIAAyADAAMAA0ACAAcABoAG8AdABvAHAAZQByAGkAbwBkAC4AcABkAGYADwAaAAwATQBhAGMAaQBuAHQAbwBzAGgAIABIAEQAEgBgVXNlcnMvQ2F0aGVyaW5lQ2hhbWJlcmxhaW4vRG9jdW1lbnRzL2dpdC9yZWdpb25hbHJpc2svYW5hbHlzZXMvYmliL1BhcnRhbmVuIDIwMDQgcGhvdG9wZXJpb2QucGRmABMAAS8AABUAAgAb//8AAIAG0hscHR5aJGNsYXNzbmFtZVgkY2xhc3Nlc11OU011dGFibGVEYXRhox0fIFZOU0RhdGFYTlNPYmplY3TSGxwiI1xOU0RpY3Rpb25hcnmiIiBfEA9OU0tleWVkQXJjaGl2ZXLRJidUcm9vdIABAAgAEQAaACMALQAyADcAQABGAE0AVQBgAGcAagBsAG4AcQBzAHUAdwCEAI4ArgCzALsClQKXApwCpwKwAr4CwgLJAtIC1wLkAucC+QL8AwEAAAAAAAACAQAAAAAAAAAoAAAAAAAAAAAAAAAAAAADAw==}}

@article{Bascietto2018,
	Author = {Marco Bascietto and Sofia Bajocco and Francesco Mazzenga and Giorgio Matteucci},
	Date-Added = {2018-01-15 18:30:24 +0000},
	Date-Modified = {2018-01-15 18:30:35 +0000},
	Doi = {https://doi.org/10.1016/j.agrformet.2017.10.007},
	Issn = {0168-1923},
	Journal = {Agricultural and Forest Meteorology},
	Keywords = {Spring frost, Common beech forest, MODIS EVI, Net ecosystem exchange},
	Pages = {240 - 250},
	Title = {Assessing spring frost effects on beech forests in Central Apennines from remotely-sensed data},
	Url = {http://www.sciencedirect.com/science/article/pii/S0168192317303271},
	Volume = {248},
	Year = {2018},
	Bdsk-Url-1 = {http://www.sciencedirect.com/science/article/pii/S0168192317303271},
	Bdsk-Url-2 = {https://doi.org/10.1016/j.agrformet.2017.10.007}}

@article{Wypych2016a,
	Author = {Wypych, Agnieszka and Ustrnul, Zbigniew and Sulikowska, Agnieszka and Chmielewski, Frank-M. and Bochenek, Bogdan},
	Date-Added = {2018-01-15 18:28:49 +0000},
	Date-Modified = {2018-01-15 18:28:57 +0000},
	Doi = {10.1002/joc.4920},
	Issn = {0899-8418},
	Journal = {International Journal of Climatology},
	Month = {Oct},
	Number = {8},
	Pages = {3340--3352},
	Publisher = {Wiley-Blackwell},
	Title = {Spatial and temporal variability of the frost-free season in Central Europe and its circulation background},
	Url = {http://dx.doi.org/10.1002/joc.4920},
	Volume = {37},
	Year = {2016},
	Bdsk-File-1 = {YnBsaXN0MDDUAQIDBAUGJCVYJHZlcnNpb25YJG9iamVjdHNZJGFyY2hpdmVyVCR0b3ASAAGGoKgHCBMUFRYaIVUkbnVsbNMJCgsMDxJXTlMua2V5c1pOUy5vYmplY3RzViRjbGFzc6INDoACgAOiEBGABIAFgAdccmVsYXRpdmVQYXRoWWFsaWFzRGF0YV8QOld5cHljaF9ldF9hbC0yMDE2LUludGVybmF0aW9uYWxfSm91cm5hbF9vZl9DbGltYXRvbG9neS5wZGbSFwsYGVdOUy5kYXRhTxECTAAAAAACTAACAAAMTWFjaW50b3NoIEhEAAAAAAAAAAAAAAAAAAAAAAAAAEJEAAH/////H1d5cHljaF9ldF9hbC0yMDE2LSNGRkZGRkZGRi5wZGYAAAAAAAAAAAAAAAAAAAAAAAAAAAAAAAAAAAAAAAAAAP////8AAAAAAAAAAAAAAAAAAQACAAAKIGN1AAAAAAAAAAAAAAAAAANiaWIAAAIAfy86VXNlcnM6Q2F0aGVyaW5lQ2hhbWJlcmxhaW46RG9jdW1lbnRzOmdpdDpyZWdpb25hbHJpc2s6YW5hbHlzZXM6YmliOld5cHljaF9ldF9hbC0yMDE2LUludGVybmF0aW9uYWxfSm91cm5hbF9vZl9DbGltYXRvbG9neS5wZGYAAA4AdgA6AFcAeQBwAHkAYwBoAF8AZQB0AF8AYQBsAC0AMgAwADEANgAtAEkAbgB0AGUAcgBuAGEAdABpAG8AbgBhAGwAXwBKAG8AdQByAG4AYQBsAF8AbwBmAF8AQwBsAGkAbQBhAHQAbwBsAG8AZwB5AC4AcABkAGYADwAaAAwATQBhAGMAaQBuAHQAbwBzAGgAIABIAEQAEgB9VXNlcnMvQ2F0aGVyaW5lQ2hhbWJlcmxhaW4vRG9jdW1lbnRzL2dpdC9yZWdpb25hbHJpc2svYW5hbHlzZXMvYmliL1d5cHljaF9ldF9hbC0yMDE2LUludGVybmF0aW9uYWxfSm91cm5hbF9vZl9DbGltYXRvbG9neS5wZGYAABMAAS8AABUAAgAb//8AAIAG0hscHR5aJGNsYXNzbmFtZVgkY2xhc3Nlc11OU011dGFibGVEYXRhox0fIFZOU0RhdGFYTlNPYmplY3TSGxwiI1xOU0RpY3Rpb25hcnmiIiBfEA9OU0tleWVkQXJjaGl2ZXLRJidUcm9vdIABAAgAEQAaACMALQAyADcAQABGAE0AVQBgAGcAagBsAG4AcQBzAHUAdwCEAI4AywDQANgDKAMqAy8DOgNDA1EDVQNcA2UDagN3A3oDjAOPA5QAAAAAAAACAQAAAAAAAAAoAAAAAAAAAAAAAAAAAAADlg==}}

@article{Wypych2016,
	Author = {Wypych, Agnieszka and Sulikowska, Agnieszka and Ustrnul, Zbigniew and Czekierda, Danuta},
	Date-Added = {2018-01-15 18:28:25 +0000},
	Date-Modified = {2018-01-15 18:28:31 +0000},
	Doi = {10.1007/s00484-016-1190-3},
	Issn = {1432-1254},
	Journal = {International Journal of Biometeorology},
	Month = {May},
	Number = {1},
	Pages = {49--59},
	Publisher = {Springer Nature},
	Title = {Variability of growing degree days in Poland in response to ongoing climate changes in Europe},
	Url = {http://dx.doi.org/10.1007/s00484-016-1190-3},
	Volume = {61},
	Year = {2016},
	Bdsk-File-1 = {YnBsaXN0MDDUAQIDBAUGJCVYJHZlcnNpb25YJG9iamVjdHNZJGFyY2hpdmVyVCR0b3ASAAGGoKgHCBMUFRYaIVUkbnVsbNMJCgsMDxJXTlMua2V5c1pOUy5vYmplY3RzViRjbGFzc6INDoACgAOiEBGABIAFgAdccmVsYXRpdmVQYXRoWWFsaWFzRGF0YV8QGld5cHljaCBldCBhbCAyMDE3IGdkZHMucGRm0hcLGBlXTlMuZGF0YU8RAcwAAAAAAcwAAgAADE1hY2ludG9zaCBIRAAAAAAAAAAAAAAAAAAAAAAAAABCRAAB/////xpXeXB5Y2ggZXQgYWwgMjAxNyBnZGRzLnBkZgAAAAAAAAAAAAAAAAAAAAAAAAAAAAAAAAAAAAAAAAAAAAAAAAD/////AAAAAAAAAAAAAAAAAAEAAgAACiBjdQAAAAAAAAAAAAAAAAADYmliAAACAF8vOlVzZXJzOkNhdGhlcmluZUNoYW1iZXJsYWluOkRvY3VtZW50czpnaXQ6cmVnaW9uYWxyaXNrOmFuYWx5c2VzOmJpYjpXeXB5Y2ggZXQgYWwgMjAxNyBnZGRzLnBkZgAADgA2ABoAVwB5AHAAeQBjAGgAIABlAHQAIABhAGwAIAAyADAAMQA3ACAAZwBkAGQAcwAuAHAAZABmAA8AGgAMAE0AYQBjAGkAbgB0AG8AcwBoACAASABEABIAXVVzZXJzL0NhdGhlcmluZUNoYW1iZXJsYWluL0RvY3VtZW50cy9naXQvcmVnaW9uYWxyaXNrL2FuYWx5c2VzL2JpYi9XeXB5Y2ggZXQgYWwgMjAxNyBnZGRzLnBkZgAAEwABLwAAFQACABv//wAAgAbSGxwdHlokY2xhc3NuYW1lWCRjbGFzc2VzXU5TTXV0YWJsZURhdGGjHR8gVk5TRGF0YVhOU09iamVjdNIbHCIjXE5TRGljdGlvbmFyeaIiIF8QD05TS2V5ZWRBcmNoaXZlctEmJ1Ryb290gAEACAARABoAIwAtADIANwBAAEYATQBVAGAAZwBqAGwAbgBxAHMAdQB3AIQAjgCrALAAuAKIAooCjwKaAqMCsQK1ArwCxQLKAtcC2gLsAu8C9AAAAAAAAAIBAAAAAAAAACgAAAAAAAAAAAAAAAAAAAL2}}

@article{Templ2017,
	Author = {Templ, Barbara and Templ, Matthias and Filzmoser, Peter and Lehoczky, Annam{\'a}ria and Bak{\v s}ien{\`e}, Eugenija and Fleck, Stefan and Gregow, Hilppa and Hodzic, Sabina and Kalvane, Gunta and et al.},
	Date-Added = {2018-01-15 18:24:17 +0000},
	Date-Modified = {2018-01-15 18:24:21 +0000},
	Doi = {10.1007/s00484-017-1312-6},
	Issn = {1432-1254},
	Journal = {International Journal of Biometeorology},
	Month = {Feb},
	Number = {7},
	Pages = {1347--1358},
	Publisher = {Springer Nature},
	Title = {Phenological patterns of flowering across biogeographical regions of Europe},
	Url = {http://dx.doi.org/10.1007/s00484-017-1312-6},
	Volume = {61},
	Year = {2017},
	Bdsk-File-1 = {YnBsaXN0MDDUAQIDBAUGJCVYJHZlcnNpb25YJG9iamVjdHNZJGFyY2hpdmVyVCR0b3ASAAGGoKgHCBMUFRYaIVUkbnVsbNMJCgsMDxJXTlMua2V5c1pOUy5vYmplY3RzViRjbGFzc6INDoACgAOiEBGABIAFgAdccmVsYXRpdmVQYXRoWWFsaWFzRGF0YV8QFVRlbXBsIGV0IGFsIDIwMTcgLnBkZtIXCxgZV05TLmRhdGFPEQG2AAAAAAG2AAIAAAxNYWNpbnRvc2ggSEQAAAAAAAAAAAAAAAAAAAAAAAAAQkQAAf////8VVGVtcGwgZXQgYWwgMjAxNyAucGRmAAAAAAAAAAAAAAAAAAAAAAAAAAAAAAAAAAAAAAAAAAAAAAAAAAAAAAAA/////wAAAAAAAAAAAAAAAAABAAIAAAogY3UAAAAAAAAAAAAAAAAAA2JpYgAAAgBaLzpVc2VyczpDYXRoZXJpbmVDaGFtYmVybGFpbjpEb2N1bWVudHM6Z2l0OnJlZ2lvbmFscmlzazphbmFseXNlczpiaWI6VGVtcGwgZXQgYWwgMjAxNyAucGRmAA4ALAAVAFQAZQBtAHAAbAAgAGUAdAAgAGEAbAAgADIAMAAxADcAIAAuAHAAZABmAA8AGgAMAE0AYQBjAGkAbgB0AG8AcwBoACAASABEABIAWFVzZXJzL0NhdGhlcmluZUNoYW1iZXJsYWluL0RvY3VtZW50cy9naXQvcmVnaW9uYWxyaXNrL2FuYWx5c2VzL2JpYi9UZW1wbCBldCBhbCAyMDE3IC5wZGYAEwABLwAAFQACABv//wAAgAbSGxwdHlokY2xhc3NuYW1lWCRjbGFzc2VzXU5TTXV0YWJsZURhdGGjHR8gVk5TRGF0YVhOU09iamVjdNIbHCIjXE5TRGljdGlvbmFyeaIiIF8QD05TS2V5ZWRBcmNoaXZlctEmJ1Ryb290gAEACAARABoAIwAtADIANwBAAEYATQBVAGAAZwBqAGwAbgBxAHMAdQB3AIQAjgCmAKsAswJtAm8CdAJ/AogClgKaAqECqgKvArwCvwLRAtQC2QAAAAAAAAIBAAAAAAAAACgAAAAAAAAAAAAAAAAAAALb}}

@article{Caffarra2010,
	Author = {Caffarra, Amelia and Donnelly, Alison},
	Date-Added = {2018-01-15 18:24:03 +0000},
	Date-Modified = {2018-01-15 18:24:08 +0000},
	Doi = {10.1007/s00484-010-0386-1},
	Issn = {1432-1254},
	Journal = {International Journal of Biometeorology},
	Month = {Nov},
	Number = {5},
	Pages = {711--721},
	Publisher = {Springer Nature},
	Title = {The ecological significance of phenology in four different tree species: effects of light and temperature on bud burst},
	Url = {http://dx.doi.org/10.1007/s00484-010-0386-1},
	Volume = {55},
	Year = {2010},
	Bdsk-File-1 = {YnBsaXN0MDDUAQIDBAUGJCVYJHZlcnNpb25YJG9iamVjdHNZJGFyY2hpdmVyVCR0b3ASAAGGoKgHCBMUFRYaIVUkbnVsbNMJCgsMDxJXTlMua2V5c1pOUy5vYmplY3RzViRjbGFzc6INDoACgAOiEBGABIAFgAdccmVsYXRpdmVQYXRoWWFsaWFzRGF0YV8QHkNhZmZhcnJhIGFuZCBEb25uZWxseSAyMDExLnBkZtIXCxgZV05TLmRhdGFPEQHcAAAAAAHcAAIAAAxNYWNpbnRvc2ggSEQAAAAAAAAAAAAAAAAAAAAAAAAAQkQAAf////8eQ2FmZmFycmEgYW5kIERvbm5lbGx5IDIwMTEucGRmAAAAAAAAAAAAAAAAAAAAAAAAAAAAAAAAAAAAAAAAAAAA/////wAAAAAAAAAAAAAAAAABAAIAAAogY3UAAAAAAAAAAAAAAAAAA2JpYgAAAgBjLzpVc2VyczpDYXRoZXJpbmVDaGFtYmVybGFpbjpEb2N1bWVudHM6Z2l0OnJlZ2lvbmFscmlzazphbmFseXNlczpiaWI6Q2FmZmFycmEgYW5kIERvbm5lbGx5IDIwMTEucGRmAAAOAD4AHgBDAGEAZgBmAGEAcgByAGEAIABhAG4AZAAgAEQAbwBuAG4AZQBsAGwAeQAgADIAMAAxADEALgBwAGQAZgAPABoADABNAGEAYwBpAG4AdABvAHMAaAAgAEgARAASAGFVc2Vycy9DYXRoZXJpbmVDaGFtYmVybGFpbi9Eb2N1bWVudHMvZ2l0L3JlZ2lvbmFscmlzay9hbmFseXNlcy9iaWIvQ2FmZmFycmEgYW5kIERvbm5lbGx5IDIwMTEucGRmAAATAAEvAAAVAAIAG///AACABtIbHB0eWiRjbGFzc25hbWVYJGNsYXNzZXNdTlNNdXRhYmxlRGF0YaMdHyBWTlNEYXRhWE5TT2JqZWN00hscIiNcTlNEaWN0aW9uYXJ5oiIgXxAPTlNLZXllZEFyY2hpdmVy0SYnVHJvb3SAAQAIABEAGgAjAC0AMgA3AEAARgBNAFUAYABnAGoAbABuAHEAcwB1AHcAhACOAK8AtAC8ApwCngKjAq4CtwLFAskC0ALZAt4C6wLuAwADAwMIAAAAAAAAAgEAAAAAAAAAKAAAAAAAAAAAAAAAAAAAAwo=}}

@article{Fu2015a,
	Author = {Fu, Yongshuo H. and Zhao, Hongfang and Piao, Shilong and Peaucelle, Marc and Peng, Shushi and Zhou, Guiyun and Ciais, Philippe and Huang, Mengtian and Menzel, Annette and Pe{\~n}uelas, Josep and et al.},
	Date-Added = {2018-01-15 18:23:46 +0000},
	Date-Modified = {2018-01-15 18:23:56 +0000},
	Doi = {10.1038/nature15402},
	Issn = {1476-4687},
	Journal = {Nature},
	Month = {Sep},
	Number = {7571},
	Pages = {104--107},
	Publisher = {Springer Nature},
	Title = {Declining global warming effects on the phenology of spring leaf unfolding},
	Url = {http://dx.doi.org/10.1038/nature15402},
	Volume = {526},
	Year = {2015},
	Bdsk-File-1 = {YnBsaXN0MDDUAQIDBAUGJCVYJHZlcnNpb25YJG9iamVjdHNZJGFyY2hpdmVyVCR0b3ASAAGGoKgHCBMUFRYaIVUkbnVsbNMJCgsMDxJXTlMua2V5c1pOUy5vYmplY3RzViRjbGFzc6INDoACgAOiEBGABIAFgAdccmVsYXRpdmVQYXRoWWFsaWFzRGF0YV8QGTIwMTVfRnUgZXQgYWwuIE5hdHVyZS5wZGbSFwsYGVdOUy5kYXRhTxEBxgAAAAABxgACAAAMTWFjaW50b3NoIEhEAAAAAAAAAAAAAAAAAAAAAAAAAEJEAAH/////GTIwMTVfRnUgZXQgYWwuIE5hdHVyZS5wZGYAAAAAAAAAAAAAAAAAAAAAAAAAAAAAAAAAAAAAAAAAAAAAAAAAAP////8AAAAAAAAAAAAAAAAAAQACAAAKIGN1AAAAAAAAAAAAAAAAAANiaWIAAAIAXi86VXNlcnM6Q2F0aGVyaW5lQ2hhbWJlcmxhaW46RG9jdW1lbnRzOmdpdDpyZWdpb25hbHJpc2s6YW5hbHlzZXM6YmliOjIwMTVfRnUgZXQgYWwuIE5hdHVyZS5wZGYADgA0ABkAMgAwADEANQBfAEYAdQAgAGUAdAAgAGEAbAAuACAATgBhAHQAdQByAGUALgBwAGQAZgAPABoADABNAGEAYwBpAG4AdABvAHMAaAAgAEgARAASAFxVc2Vycy9DYXRoZXJpbmVDaGFtYmVybGFpbi9Eb2N1bWVudHMvZ2l0L3JlZ2lvbmFscmlzay9hbmFseXNlcy9iaWIvMjAxNV9GdSBldCBhbC4gTmF0dXJlLnBkZgATAAEvAAAVAAIAG///AACABtIbHB0eWiRjbGFzc25hbWVYJGNsYXNzZXNdTlNNdXRhYmxlRGF0YaMdHyBWTlNEYXRhWE5TT2JqZWN00hscIiNcTlNEaWN0aW9uYXJ5oiIgXxAPTlNLZXllZEFyY2hpdmVy0SYnVHJvb3SAAQAIABEAGgAjAC0AMgA3AEAARgBNAFUAYABnAGoAbABuAHEAcwB1AHcAhACOAKoArwC3AoECgwKIApMCnAKqAq4CtQK+AsMC0ALTAuUC6ALtAAAAAAAAAgEAAAAAAAAAKAAAAAAAAAAAAAAAAAAAAu8=}}

@article{Fu2015,
	Author = {Fu, Yongshuo H. and Piao, Shilong and Vitasse, Yann and Zhao, Hongfang and De Boeck, Hans J. and Liu, Qiang and Yang, Hui and Weber, Ulrich and H{\"a}nninen, Heikki and Janssens, Ivan A.},
	Date-Added = {2018-01-15 18:23:09 +0000},
	Date-Modified = {2018-01-15 18:23:15 +0000},
	Doi = {10.1111/gcb.12863},
	Issn = {1354-1013},
	Journal = {Global Change Biology},
	Month = {Mar},
	Number = {7},
	Pages = {2687--2697},
	Publisher = {Wiley-Blackwell},
	Title = {Increased heat requirement for leaf flushing in temperate woody species over 1980-2012: effects of chilling, precipitation and insolation},
	Url = {http://dx.doi.org/10.1111/gcb.12863},
	Volume = {21},
	Year = {2015},
	Bdsk-File-1 = {YnBsaXN0MDDUAQIDBAUGJCVYJHZlcnNpb25YJG9iamVjdHNZJGFyY2hpdmVyVCR0b3ASAAGGoKgHCBMUFRYaIVUkbnVsbNMJCgsMDxJXTlMua2V5c1pOUy5vYmplY3RzViRjbGFzc6INDoACgAOiEBGABIAFgAdccmVsYXRpdmVQYXRoWWFsaWFzRGF0YV8QFjIwMTVfRnUgZXQgYWwuIEdDQi5wZGbSFwsYGVdOUy5kYXRhTxEBvAAAAAABvAACAAAMTWFjaW50b3NoIEhEAAAAAAAAAAAAAAAAAAAAAAAAAEJEAAH/////FjIwMTVfRnUgZXQgYWwuIEdDQi5wZGYAAAAAAAAAAAAAAAAAAAAAAAAAAAAAAAAAAAAAAAAAAAAAAAAAAAAAAP////8AAAAAAAAAAAAAAAAAAQACAAAKIGN1AAAAAAAAAAAAAAAAAANiaWIAAAIAWy86VXNlcnM6Q2F0aGVyaW5lQ2hhbWJlcmxhaW46RG9jdW1lbnRzOmdpdDpyZWdpb25hbHJpc2s6YW5hbHlzZXM6YmliOjIwMTVfRnUgZXQgYWwuIEdDQi5wZGYAAA4ALgAWADIAMAAxADUAXwBGAHUAIABlAHQAIABhAGwALgAgAEcAQwBCAC4AcABkAGYADwAaAAwATQBhAGMAaQBuAHQAbwBzAGgAIABIAEQAEgBZVXNlcnMvQ2F0aGVyaW5lQ2hhbWJlcmxhaW4vRG9jdW1lbnRzL2dpdC9yZWdpb25hbHJpc2svYW5hbHlzZXMvYmliLzIwMTVfRnUgZXQgYWwuIEdDQi5wZGYAABMAAS8AABUAAgAb//8AAIAG0hscHR5aJGNsYXNzbmFtZVgkY2xhc3Nlc11OU011dGFibGVEYXRhox0fIFZOU0RhdGFYTlNPYmplY3TSGxwiI1xOU0RpY3Rpb25hcnmiIiBfEA9OU0tleWVkQXJjaGl2ZXLRJidUcm9vdIABAAgAEQAaACMALQAyADcAQABGAE0AVQBgAGcAagBsAG4AcQBzAHUAdwCEAI4ApwCsALQCdAJ2AnsChgKPAp0CoQKoArECtgLDAsYC2ALbAuAAAAAAAAACAQAAAAAAAAAoAAAAAAAAAAAAAAAAAAAC4g==}}
